%YAML 1.1
%TAG !u! tag:unity3d.com,2011:
--- !u!1 &3107501486588575858
GameObject:
  m_ObjectHideFlags: 0
  m_CorrespondingSourceObject: {fileID: 0}
  m_PrefabInstance: {fileID: 0}
  m_PrefabAsset: {fileID: 0}
  serializedVersion: 6
  m_Component:
  - component: {fileID: 3114157583330152146}
  - component: {fileID: 3121249607546403492}
  - component: {fileID: 3131685657293262278}
  m_Layer: 0
  m_Name: Tiger
  m_TagString: Untagged
  m_Icon: {fileID: 0}
  m_NavMeshLayer: 0
  m_StaticEditorFlags: 0
  m_IsActive: 1
--- !u!4 &3114157583330152146
Transform:
  m_ObjectHideFlags: 0
  m_CorrespondingSourceObject: {fileID: 0}
  m_PrefabInstance: {fileID: 0}
  m_PrefabAsset: {fileID: 0}
  m_GameObject: {fileID: 3107501486588575858}
  m_LocalRotation: {x: -0, y: 0.7071068, z: -0, w: 0.7071068}
  m_LocalPosition: {x: 0, y: 0, z: 0}
  m_LocalScale: {x: 4, y: 4, z: 4.5}
  m_Children: []
  m_Father: {fileID: 7838689888631153691}
  m_RootOrder: 0
  m_LocalEulerAnglesHint: {x: 0, y: 90, z: 0}
--- !u!33 &3121249607546403492
MeshFilter:
  m_ObjectHideFlags: 0
  m_CorrespondingSourceObject: {fileID: 0}
  m_PrefabInstance: {fileID: 0}
  m_PrefabAsset: {fileID: 0}
  m_GameObject: {fileID: 3107501486588575858}
  m_Mesh: {fileID: 4300024, guid: 799f653f08c90c94c8b0126557609836, type: 3}
--- !u!23 &3131685657293262278
MeshRenderer:
  m_ObjectHideFlags: 0
  m_CorrespondingSourceObject: {fileID: 0}
  m_PrefabInstance: {fileID: 0}
  m_PrefabAsset: {fileID: 0}
  m_GameObject: {fileID: 3107501486588575858}
  m_Enabled: 1
  m_CastShadows: 1
  m_ReceiveShadows: 1
  m_DynamicOccludee: 1
  m_MotionVectors: 1
  m_LightProbeUsage: 1
  m_ReflectionProbeUsage: 1
  m_RayTracingMode: 2
  m_RayTraceProcedural: 0
  m_RenderingLayerMask: 1
  m_RendererPriority: 0
  m_Materials:
  - {fileID: 2100000, guid: 89669d4a09243d440b5e92e0710af983, type: 2}
  m_StaticBatchInfo:
    firstSubMesh: 0
    subMeshCount: 0
  m_StaticBatchRoot: {fileID: 0}
  m_ProbeAnchor: {fileID: 0}
  m_LightProbeVolumeOverride: {fileID: 0}
  m_ScaleInLightmap: 1
  m_ReceiveGI: 1
  m_PreserveUVs: 0
  m_IgnoreNormalsForChartDetection: 0
  m_ImportantGI: 0
  m_StitchLightmapSeams: 1
  m_SelectedEditorRenderState: 3
  m_MinimumChartSize: 4
  m_AutoUVMaxDistance: 0.5
  m_AutoUVMaxAngle: 89
  m_LightmapParameters: {fileID: 0}
  m_SortingLayerID: 0
  m_SortingLayer: 0
  m_SortingOrder: 0
  m_AdditionalVertexStreams: {fileID: 0}
--- !u!1 &5356425859481050083
GameObject:
  m_ObjectHideFlags: 0
  m_CorrespondingSourceObject: {fileID: 0}
  m_PrefabInstance: {fileID: 0}
  m_PrefabAsset: {fileID: 0}
  serializedVersion: 6
  m_Component:
  - component: {fileID: 7838689888631153691}
  - component: {fileID: 6532867894193030142}
  - component: {fileID: 6755098890089117395}
  - component: {fileID: 3022009692463286923}
  - component: {fileID: 5306969933185839001}
  - component: {fileID: 5122692120577890345}
  - component: {fileID: 6359777354217335577}
  m_Layer: 0
  m_Name: TIger 1
  m_TagString: Player
  m_Icon: {fileID: 0}
  m_NavMeshLayer: 0
  m_StaticEditorFlags: 0
  m_IsActive: 1
--- !u!4 &7838689888631153691
Transform:
  m_ObjectHideFlags: 0
  m_CorrespondingSourceObject: {fileID: 0}
  m_PrefabInstance: {fileID: 0}
  m_PrefabAsset: {fileID: 0}
  m_GameObject: {fileID: 5356425859481050083}
  m_LocalRotation: {x: -0, y: -0, z: -0, w: 1}
  m_LocalPosition: {x: 0, y: 0, z: 0}
  m_LocalScale: {x: 1, y: 1, z: 1}
  m_Children:
  - {fileID: 3114157583330152146}
  - {fileID: 587204918832430436}
  m_Father: {fileID: 0}
  m_RootOrder: 0
  m_LocalEulerAnglesHint: {x: 0, y: 0, z: 0}
--- !u!54 &6532867894193030142
Rigidbody:
  m_ObjectHideFlags: 0
  m_CorrespondingSourceObject: {fileID: 0}
  m_PrefabInstance: {fileID: 0}
  m_PrefabAsset: {fileID: 0}
  m_GameObject: {fileID: 5356425859481050083}
  serializedVersion: 2
  m_Mass: 1
  m_Drag: 0
  m_AngularDrag: 0.05
  m_UseGravity: 0
  m_IsKinematic: 0
  m_Interpolate: 0
  m_Constraints: 116
  m_CollisionDetection: 0
--- !u!65 &6755098890089117395
BoxCollider:
  m_ObjectHideFlags: 0
  m_CorrespondingSourceObject: {fileID: 0}
  m_PrefabInstance: {fileID: 0}
  m_PrefabAsset: {fileID: 0}
  m_GameObject: {fileID: 5356425859481050083}
  m_Material: {fileID: 0}
  m_IsTrigger: 1
  m_Enabled: 1
  serializedVersion: 2
  m_Size: {x: 1.2057792, y: 3, z: 4}
  m_Center: {x: 0, y: 1.43, z: -0.6}
--- !u!114 &3022009692463286923
MonoBehaviour:
  m_ObjectHideFlags: 0
  m_CorrespondingSourceObject: {fileID: 0}
  m_PrefabInstance: {fileID: 0}
  m_PrefabAsset: {fileID: 0}
  m_GameObject: {fileID: 5356425859481050083}
  m_Enabled: 1
  m_EditorHideFlags: 0
  m_Script: {fileID: 11500000, guid: 94400cab6fe85094c9d2cbb119b68e4c, type: 3}
  m_Name: 
  m_EditorClassIdentifier: 
  _Slider: {fileID: 7849674140409910976}
  _FillImage: {fileID: 9217118587589017396}
  _HitPrefab: {fileID: 7552331187176232279, guid: 12d07f365610b354488a5b13819e8f81, type: 3}
  _HitAudio: []
--- !u!114 &5306969933185839001
MonoBehaviour:
  m_ObjectHideFlags: 0
  m_CorrespondingSourceObject: {fileID: 0}
  m_PrefabInstance: {fileID: 0}
  m_PrefabAsset: {fileID: 0}
  m_GameObject: {fileID: 5356425859481050083}
  m_Enabled: 1
  m_EditorHideFlags: 0
  m_Script: {fileID: 11500000, guid: b98bae8e887419d41a3b81fcae02068f, type: 3}
  m_Name: 
  m_EditorClassIdentifier: 
  _CanMove: 0
--- !u!114 &5122692120577890345
MonoBehaviour:
  m_ObjectHideFlags: 0
  m_CorrespondingSourceObject: {fileID: 0}
  m_PrefabInstance: {fileID: 0}
  m_PrefabAsset: {fileID: 0}
  m_GameObject: {fileID: 5356425859481050083}
  m_Enabled: 1
  m_EditorHideFlags: 0
  m_Script: {fileID: 11500000, guid: 5fdd8b19ca939fd4db1e500077ec6729, type: 3}
  m_Name: 
  m_EditorClassIdentifier: 
  _Bullet: {fileID: -402492992051427283, guid: 97ae815ff89c6aa459664dedf492a7c4, type: 3}
--- !u!114 &6359777354217335577
MonoBehaviour:
  m_ObjectHideFlags: 0
  m_CorrespondingSourceObject: {fileID: 0}
  m_PrefabInstance: {fileID: 0}
  m_PrefabAsset: {fileID: 0}
  m_GameObject: {fileID: 5356425859481050083}
  m_Enabled: 1
  m_EditorHideFlags: 0
  m_Script: {fileID: 11500000, guid: a08f26037fddf2d43860ffec6753ef84, type: 3}
  m_Name: 
  m_EditorClassIdentifier: 
  _DeadEffectPrefab: {fileID: 4402673917568497285, guid: bdab21d2e12ebdc46a07e7b40e0284ca, type: 3}
  _Health: {fileID: 3022009692463286923}
  _Movement: {fileID: 5306969933185839001}
  _Attack: {fileID: 5122692120577890345}
--- !u!1001 &5635023878087758457
PrefabInstance:
  m_ObjectHideFlags: 0
  serializedVersion: 2
  m_Modification:
    m_TransformParent: {fileID: 7838689888631153691}
    m_Modifications:
    - target: {fileID: 1568473078647453518, guid: 5cff3ac22ec9aa64a8b02b0962e8ee90, type: 3}
      propertyPath: m_LocalRotation.w
      value: 1
      objectReference: {fileID: 0}
    - target: {fileID: 1568473078647453518, guid: 5cff3ac22ec9aa64a8b02b0962e8ee90, type: 3}
      propertyPath: m_LocalRotation.y
      value: 0
      objectReference: {fileID: 0}
    - target: {fileID: 1568473078647453518, guid: 5cff3ac22ec9aa64a8b02b0962e8ee90, type: 3}
      propertyPath: m_LocalEulerAnglesHint.y
      value: 0
      objectReference: {fileID: 0}
    - target: {fileID: 2511888559627044025, guid: 5cff3ac22ec9aa64a8b02b0962e8ee90, type: 3}
      propertyPath: m_Value
      value: 100
      objectReference: {fileID: 0}
    - target: {fileID: 5050096075388333853, guid: 5cff3ac22ec9aa64a8b02b0962e8ee90, type: 3}
      propertyPath: m_Pivot.x
      value: 0.5
      objectReference: {fileID: 0}
    - target: {fileID: 5050096075388333853, guid: 5cff3ac22ec9aa64a8b02b0962e8ee90, type: 3}
      propertyPath: m_Pivot.y
      value: 0.5
      objectReference: {fileID: 0}
    - target: {fileID: 5050096075388333853, guid: 5cff3ac22ec9aa64a8b02b0962e8ee90, type: 3}
      propertyPath: m_RootOrder
      value: 1
      objectReference: {fileID: 0}
    - target: {fileID: 5050096075388333853, guid: 5cff3ac22ec9aa64a8b02b0962e8ee90, type: 3}
      propertyPath: m_AnchorMax.x
      value: 0
      objectReference: {fileID: 0}
    - target: {fileID: 5050096075388333853, guid: 5cff3ac22ec9aa64a8b02b0962e8ee90, type: 3}
      propertyPath: m_AnchorMax.y
      value: 0
      objectReference: {fileID: 0}
    - target: {fileID: 5050096075388333853, guid: 5cff3ac22ec9aa64a8b02b0962e8ee90, type: 3}
      propertyPath: m_AnchorMin.x
      value: 0
      objectReference: {fileID: 0}
    - target: {fileID: 5050096075388333853, guid: 5cff3ac22ec9aa64a8b02b0962e8ee90, type: 3}
      propertyPath: m_AnchorMin.y
      value: 0
      objectReference: {fileID: 0}
    - target: {fileID: 5050096075388333853, guid: 5cff3ac22ec9aa64a8b02b0962e8ee90, type: 3}
      propertyPath: m_SizeDelta.x
      value: 1
      objectReference: {fileID: 0}
    - target: {fileID: 5050096075388333853, guid: 5cff3ac22ec9aa64a8b02b0962e8ee90, type: 3}
      propertyPath: m_SizeDelta.y
      value: 0.1
      objectReference: {fileID: 0}
    - target: {fileID: 5050096075388333853, guid: 5cff3ac22ec9aa64a8b02b0962e8ee90, type: 3}
      propertyPath: m_LocalPosition.x
      value: 0
      objectReference: {fileID: 0}
    - target: {fileID: 5050096075388333853, guid: 5cff3ac22ec9aa64a8b02b0962e8ee90, type: 3}
      propertyPath: m_LocalPosition.y
      value: 0
      objectReference: {fileID: 0}
    - target: {fileID: 5050096075388333853, guid: 5cff3ac22ec9aa64a8b02b0962e8ee90, type: 3}
      propertyPath: m_LocalPosition.z
      value: 0
      objectReference: {fileID: 0}
    - target: {fileID: 5050096075388333853, guid: 5cff3ac22ec9aa64a8b02b0962e8ee90, type: 3}
      propertyPath: m_LocalRotation.w
      value: 0
      objectReference: {fileID: 0}
    - target: {fileID: 5050096075388333853, guid: 5cff3ac22ec9aa64a8b02b0962e8ee90, type: 3}
      propertyPath: m_LocalRotation.x
      value: 0
      objectReference: {fileID: 0}
    - target: {fileID: 5050096075388333853, guid: 5cff3ac22ec9aa64a8b02b0962e8ee90, type: 3}
      propertyPath: m_LocalRotation.y
      value: 1
      objectReference: {fileID: 0}
    - target: {fileID: 5050096075388333853, guid: 5cff3ac22ec9aa64a8b02b0962e8ee90, type: 3}
      propertyPath: m_LocalRotation.z
      value: 0
      objectReference: {fileID: 0}
    - target: {fileID: 5050096075388333853, guid: 5cff3ac22ec9aa64a8b02b0962e8ee90, type: 3}
      propertyPath: m_AnchoredPosition.x
      value: 0
      objectReference: {fileID: 0}
    - target: {fileID: 5050096075388333853, guid: 5cff3ac22ec9aa64a8b02b0962e8ee90, type: 3}
      propertyPath: m_AnchoredPosition.y
      value: 3.5
      objectReference: {fileID: 0}
    - target: {fileID: 5050096075388333853, guid: 5cff3ac22ec9aa64a8b02b0962e8ee90, type: 3}
      propertyPath: m_LocalEulerAnglesHint.x
      value: 0
      objectReference: {fileID: 0}
    - target: {fileID: 5050096075388333853, guid: 5cff3ac22ec9aa64a8b02b0962e8ee90, type: 3}
      propertyPath: m_LocalEulerAnglesHint.y
      value: 180
      objectReference: {fileID: 0}
    - target: {fileID: 5050096075388333853, guid: 5cff3ac22ec9aa64a8b02b0962e8ee90, type: 3}
      propertyPath: m_LocalEulerAnglesHint.z
      value: 0
      objectReference: {fileID: 0}
    - target: {fileID: 6161703752392660953, guid: 5cff3ac22ec9aa64a8b02b0962e8ee90, type: 3}
      propertyPath: m_Name
      value: HPCanvas
      objectReference: {fileID: 0}
    - target: {fileID: 8282286649953017986, guid: 5cff3ac22ec9aa64a8b02b0962e8ee90, type: 3}
      propertyPath: m_AnchorMax.x
      value: 0
      objectReference: {fileID: 0}
    - target: {fileID: 8282286649953017986, guid: 5cff3ac22ec9aa64a8b02b0962e8ee90, type: 3}
      propertyPath: m_AnchorMax.y
      value: 0
      objectReference: {fileID: 0}
    m_RemovedComponents: []
  m_SourcePrefab: {fileID: 100100000, guid: 5cff3ac22ec9aa64a8b02b0962e8ee90, type: 3}
--- !u!224 &587204918832430436 stripped
RectTransform:
  m_CorrespondingSourceObject: {fileID: 5050096075388333853, guid: 5cff3ac22ec9aa64a8b02b0962e8ee90, type: 3}
  m_PrefabInstance: {fileID: 5635023878087758457}
  m_PrefabAsset: {fileID: 0}
--- !u!114 &7849674140409910976 stripped
MonoBehaviour:
  m_CorrespondingSourceObject: {fileID: 2511888559627044025, guid: 5cff3ac22ec9aa64a8b02b0962e8ee90, type: 3}
  m_PrefabInstance: {fileID: 5635023878087758457}
  m_PrefabAsset: {fileID: 0}
  m_GameObject: {fileID: 0}
  m_Enabled: 1
  m_EditorHideFlags: 0
  m_Script: {fileID: 11500000, guid: 67db9e8f0e2ae9c40bc1e2b64352a6b4, type: 3}
  m_Name: 
  m_EditorClassIdentifier: 
--- !u!114 &9217118587589017396 stripped
MonoBehaviour:
  m_CorrespondingSourceObject: {fileID: 3592298937952202061, guid: 5cff3ac22ec9aa64a8b02b0962e8ee90, type: 3}
  m_PrefabInstance: {fileID: 5635023878087758457}
  m_PrefabAsset: {fileID: 0}
  m_GameObject: {fileID: 0}
  m_Enabled: 1
  m_EditorHideFlags: 0
  m_Script: {fileID: 11500000, guid: fe87c0e1cc204ed48ad3b37840f39efc, type: 3}
  m_Name: 
  m_EditorClassIdentifier: 
