%YAML 1.1
%TAG !u! tag:unity3d.com,2011:
--- !u!1 &3504695194173140708
GameObject:
  m_ObjectHideFlags: 0
  m_CorrespondingSourceObject: {fileID: 0}
  m_PrefabInstance: {fileID: 0}
  m_PrefabAsset: {fileID: 0}
  serializedVersion: 6
  m_Component:
  - component: {fileID: 6562016552709313805}
  - component: {fileID: -5801827546846335456}
  - component: {fileID: 8273374299378442113}
  - component: {fileID: 2337324359803936213}
  - component: {fileID: 1243099674757177943}
  - component: {fileID: -8546789974747871566}
  - component: {fileID: -2834917986532771199}
  m_Layer: 0
  m_Name: mole
  m_TagString: Enemy
  m_Icon: {fileID: 0}
  m_NavMeshLayer: 0
  m_StaticEditorFlags: 0
  m_IsActive: 1
--- !u!4 &6562016552709313805
Transform:
  m_ObjectHideFlags: 0
  m_CorrespondingSourceObject: {fileID: 0}
  m_PrefabInstance: {fileID: 0}
  m_PrefabAsset: {fileID: 0}
  m_GameObject: {fileID: 3504695194173140708}
  m_LocalRotation: {x: 0, y: 0, z: 0, w: 1}
  m_LocalPosition: {x: 0, y: 0, z: 0}
  m_LocalScale: {x: 1, y: 1, z: 1}
  m_Children:
  - {fileID: 8963040161670616823}
  - {fileID: 260171507203111521}
  m_Father: {fileID: 0}
  m_RootOrder: 0
  m_LocalEulerAnglesHint: {x: 0, y: 0, z: 0}
--- !u!54 &-5801827546846335456
Rigidbody:
  m_ObjectHideFlags: 0
  m_CorrespondingSourceObject: {fileID: 0}
  m_PrefabInstance: {fileID: 0}
  m_PrefabAsset: {fileID: 0}
  m_GameObject: {fileID: 3504695194173140708}
  serializedVersion: 2
  m_Mass: 1
  m_Drag: 0
  m_AngularDrag: 0.05
  m_UseGravity: 0
  m_IsKinematic: 0
  m_Interpolate: 0
  m_Constraints: 116
  m_CollisionDetection: 0
--- !u!65 &8273374299378442113
BoxCollider:
  m_ObjectHideFlags: 0
  m_CorrespondingSourceObject: {fileID: 0}
  m_PrefabInstance: {fileID: 0}
  m_PrefabAsset: {fileID: 0}
  m_GameObject: {fileID: 3504695194173140708}
  m_Material: {fileID: 0}
  m_IsTrigger: 1
  m_Enabled: 1
  serializedVersion: 2
  m_Size: {x: 1, y: 2, z: 1.5}
  m_Center: {x: 0, y: 1, z: 0.03}
--- !u!114 &2337324359803936213
MonoBehaviour:
  m_ObjectHideFlags: 0
  m_CorrespondingSourceObject: {fileID: 0}
  m_PrefabInstance: {fileID: 0}
  m_PrefabAsset: {fileID: 0}
  m_GameObject: {fileID: 3504695194173140708}
  m_Enabled: 1
  m_EditorHideFlags: 0
  m_Script: {fileID: 11500000, guid: 94400cab6fe85094c9d2cbb119b68e4c, type: 3}
  m_Name: 
  m_EditorClassIdentifier: 
  _Slider: {fileID: 7446102006376780229}
  _FillImage: {fileID: 8382241094028376113}
  _HitPrefab: {fileID: 7552331187176232279, guid: 12d07f365610b354488a5b13819e8f81, type: 3}
  _HitAudio: []
--- !u!114 &1243099674757177943
MonoBehaviour:
  m_ObjectHideFlags: 0
  m_CorrespondingSourceObject: {fileID: 0}
  m_PrefabInstance: {fileID: 0}
  m_PrefabAsset: {fileID: 0}
  m_GameObject: {fileID: 3504695194173140708}
  m_Enabled: 1
  m_EditorHideFlags: 0
  m_Script: {fileID: 11500000, guid: f04c2e0489902534c8de8229cbb46699, type: 3}
  m_Name: 
  m_EditorClassIdentifier: 
  _CanMove: 0
--- !u!114 &-8546789974747871566
MonoBehaviour:
  m_ObjectHideFlags: 0
  m_CorrespondingSourceObject: {fileID: 0}
  m_PrefabInstance: {fileID: 0}
  m_PrefabAsset: {fileID: 0}
  m_GameObject: {fileID: 3504695194173140708}
  m_Enabled: 1
  m_EditorHideFlags: 0
  m_Script: {fileID: 11500000, guid: dfc12ef93f6ec9941afbb5d72f434744, type: 3}
  m_Name: 
  m_EditorClassIdentifier: 
  _Bullet: {fileID: -402492992051427283, guid: 97ae815ff89c6aa459664dedf492a7c4, type: 3}
--- !u!114 &-2834917986532771199
MonoBehaviour:
  m_ObjectHideFlags: 0
  m_CorrespondingSourceObject: {fileID: 0}
  m_PrefabInstance: {fileID: 0}
  m_PrefabAsset: {fileID: 0}
  m_GameObject: {fileID: 3504695194173140708}
  m_Enabled: 1
  m_EditorHideFlags: 0
  m_Script: {fileID: 11500000, guid: 7c55d377648934e4e842abfe799710e9, type: 3}
  m_Name: 
  m_EditorClassIdentifier: 
  _DeadEffectPrefab: {fileID: 5441262407223160807, guid: 816c230c644a8c34eb6c1c48533649d2, type: 3}
  _Health: {fileID: 2337324359803936213}
  _Movement: {fileID: 1243099674757177943}
  _Attack: {fileID: -8546789974747871566}
--- !u!1001 &622903564453561399
PrefabInstance:
  m_ObjectHideFlags: 0
  serializedVersion: 2
  m_Modification:
    m_TransformParent: {fileID: 6562016552709313805}
    m_Modifications:
    - target: {fileID: 808589538226126422, guid: 82b2f8798a320604f8ab82de321dc4d0, type: 3}
      propertyPath: m_Pivot.x
      value: 0.5
      objectReference: {fileID: 0}
    - target: {fileID: 808589538226126422, guid: 82b2f8798a320604f8ab82de321dc4d0, type: 3}
      propertyPath: m_Pivot.y
      value: 0.5
      objectReference: {fileID: 0}
    - target: {fileID: 808589538226126422, guid: 82b2f8798a320604f8ab82de321dc4d0, type: 3}
      propertyPath: m_RootOrder
      value: 1
      objectReference: {fileID: 0}
    - target: {fileID: 808589538226126422, guid: 82b2f8798a320604f8ab82de321dc4d0, type: 3}
      propertyPath: m_AnchorMax.x
      value: 0
      objectReference: {fileID: 0}
    - target: {fileID: 808589538226126422, guid: 82b2f8798a320604f8ab82de321dc4d0, type: 3}
      propertyPath: m_AnchorMax.y
      value: 0
      objectReference: {fileID: 0}
    - target: {fileID: 808589538226126422, guid: 82b2f8798a320604f8ab82de321dc4d0, type: 3}
      propertyPath: m_AnchorMin.x
      value: 0
      objectReference: {fileID: 0}
    - target: {fileID: 808589538226126422, guid: 82b2f8798a320604f8ab82de321dc4d0, type: 3}
      propertyPath: m_AnchorMin.y
      value: 0
      objectReference: {fileID: 0}
    - target: {fileID: 808589538226126422, guid: 82b2f8798a320604f8ab82de321dc4d0, type: 3}
      propertyPath: m_SizeDelta.x
      value: 1
      objectReference: {fileID: 0}
    - target: {fileID: 808589538226126422, guid: 82b2f8798a320604f8ab82de321dc4d0, type: 3}
      propertyPath: m_SizeDelta.y
      value: 0.1
      objectReference: {fileID: 0}
    - target: {fileID: 808589538226126422, guid: 82b2f8798a320604f8ab82de321dc4d0, type: 3}
      propertyPath: m_LocalPosition.x
      value: 0
      objectReference: {fileID: 0}
    - target: {fileID: 808589538226126422, guid: 82b2f8798a320604f8ab82de321dc4d0, type: 3}
      propertyPath: m_LocalPosition.y
      value: 0
      objectReference: {fileID: 0}
    - target: {fileID: 808589538226126422, guid: 82b2f8798a320604f8ab82de321dc4d0, type: 3}
      propertyPath: m_LocalPosition.z
      value: 0
      objectReference: {fileID: 0}
    - target: {fileID: 808589538226126422, guid: 82b2f8798a320604f8ab82de321dc4d0, type: 3}
      propertyPath: m_LocalRotation.w
      value: 0
      objectReference: {fileID: 0}
    - target: {fileID: 808589538226126422, guid: 82b2f8798a320604f8ab82de321dc4d0, type: 3}
      propertyPath: m_LocalRotation.x
      value: 0
      objectReference: {fileID: 0}
    - target: {fileID: 808589538226126422, guid: 82b2f8798a320604f8ab82de321dc4d0, type: 3}
      propertyPath: m_LocalRotation.y
      value: 1
      objectReference: {fileID: 0}
    - target: {fileID: 808589538226126422, guid: 82b2f8798a320604f8ab82de321dc4d0, type: 3}
      propertyPath: m_LocalRotation.z
      value: 0
      objectReference: {fileID: 0}
    - target: {fileID: 808589538226126422, guid: 82b2f8798a320604f8ab82de321dc4d0, type: 3}
      propertyPath: m_AnchoredPosition.x
      value: 0
      objectReference: {fileID: 0}
    - target: {fileID: 808589538226126422, guid: 82b2f8798a320604f8ab82de321dc4d0, type: 3}
      propertyPath: m_AnchoredPosition.y
      value: 2.06
      objectReference: {fileID: 0}
    - target: {fileID: 808589538226126422, guid: 82b2f8798a320604f8ab82de321dc4d0, type: 3}
      propertyPath: m_LocalEulerAnglesHint.x
      value: 0
      objectReference: {fileID: 0}
    - target: {fileID: 808589538226126422, guid: 82b2f8798a320604f8ab82de321dc4d0, type: 3}
      propertyPath: m_LocalEulerAnglesHint.y
      value: 180
      objectReference: {fileID: 0}
    - target: {fileID: 808589538226126422, guid: 82b2f8798a320604f8ab82de321dc4d0, type: 3}
      propertyPath: m_LocalEulerAnglesHint.z
      value: 0
      objectReference: {fileID: 0}
    - target: {fileID: 1778887302760842898, guid: 82b2f8798a320604f8ab82de321dc4d0, type: 3}
      propertyPath: m_Name
      value: HPCanvasEnemy
      objectReference: {fileID: 0}
    - target: {fileID: 4602031940162679241, guid: 82b2f8798a320604f8ab82de321dc4d0, type: 3}
      propertyPath: m_AnchorMax.x
      value: 0
      objectReference: {fileID: 0}
    - target: {fileID: 4602031940162679241, guid: 82b2f8798a320604f8ab82de321dc4d0, type: 3}
      propertyPath: m_AnchorMax.y
      value: 0
      objectReference: {fileID: 0}
    - target: {fileID: 8066264893411366386, guid: 82b2f8798a320604f8ab82de321dc4d0, type: 3}
      propertyPath: m_Value
      value: 100
      objectReference: {fileID: 0}
    m_RemovedComponents: []
  m_SourcePrefab: {fileID: 100100000, guid: 82b2f8798a320604f8ab82de321dc4d0, type: 3}
--- !u!224 &260171507203111521 stripped
RectTransform:
  m_CorrespondingSourceObject: {fileID: 808589538226126422, guid: 82b2f8798a320604f8ab82de321dc4d0, type: 3}
  m_PrefabInstance: {fileID: 622903564453561399}
  m_PrefabAsset: {fileID: 0}
--- !u!114 &7446102006376780229 stripped
MonoBehaviour:
  m_CorrespondingSourceObject: {fileID: 8066264893411366386, guid: 82b2f8798a320604f8ab82de321dc4d0, type: 3}
  m_PrefabInstance: {fileID: 622903564453561399}
  m_PrefabAsset: {fileID: 0}
  m_GameObject: {fileID: 0}
  m_Enabled: 1
  m_EditorHideFlags: 0
  m_Script: {fileID: 11500000, guid: 67db9e8f0e2ae9c40bc1e2b64352a6b4, type: 3}
  m_Name: 
  m_EditorClassIdentifier: 
--- !u!114 &8382241094028376113 stripped
MonoBehaviour:
  m_CorrespondingSourceObject: {fileID: 9004750234184219654, guid: 82b2f8798a320604f8ab82de321dc4d0, type: 3}
  m_PrefabInstance: {fileID: 622903564453561399}
  m_PrefabAsset: {fileID: 0}
  m_GameObject: {fileID: 0}
  m_Enabled: 1
  m_EditorHideFlags: 0
  m_Script: {fileID: 11500000, guid: fe87c0e1cc204ed48ad3b37840f39efc, type: 3}
  m_Name: 
  m_EditorClassIdentifier: 
--- !u!1001 &8963040161670122577
PrefabInstance:
  m_ObjectHideFlags: 0
  serializedVersion: 2
  m_Modification:
    m_TransformParent: {fileID: 6562016552709313805}
    m_Modifications:
    - target: {fileID: 198342, guid: fe9bab289d42f0244859df1b1359454b, type: 3}
      propertyPath: m_Name
      value: mole_attack
      objectReference: {fileID: 0}
    - target: {fileID: 498342, guid: fe9bab289d42f0244859df1b1359454b, type: 3}
      propertyPath: m_RootOrder
      value: 0
      objectReference: {fileID: 0}
    - target: {fileID: 498342, guid: fe9bab289d42f0244859df1b1359454b, type: 3}
      propertyPath: m_LocalScale.x
      value: 0.15
      objectReference: {fileID: 0}
    - target: {fileID: 498342, guid: fe9bab289d42f0244859df1b1359454b, type: 3}
      propertyPath: m_LocalScale.y
      value: 0.15
      objectReference: {fileID: 0}
    - target: {fileID: 498342, guid: fe9bab289d42f0244859df1b1359454b, type: 3}
      propertyPath: m_LocalScale.z
      value: 0.15
      objectReference: {fileID: 0}
    - target: {fileID: 498342, guid: fe9bab289d42f0244859df1b1359454b, type: 3}
      propertyPath: m_LocalPosition.x
      value: 0
      objectReference: {fileID: 0}
    - target: {fileID: 498342, guid: fe9bab289d42f0244859df1b1359454b, type: 3}
      propertyPath: m_LocalPosition.y
      value: 1.79
      objectReference: {fileID: 0}
    - target: {fileID: 498342, guid: fe9bab289d42f0244859df1b1359454b, type: 3}
      propertyPath: m_LocalPosition.z
      value: 0
      objectReference: {fileID: 0}
    - target: {fileID: 498342, guid: fe9bab289d42f0244859df1b1359454b, type: 3}
      propertyPath: m_LocalRotation.w
      value: 1
      objectReference: {fileID: 0}
    - target: {fileID: 498342, guid: fe9bab289d42f0244859df1b1359454b, type: 3}
      propertyPath: m_LocalRotation.x
      value: -0
      objectReference: {fileID: 0}
    - target: {fileID: 498342, guid: fe9bab289d42f0244859df1b1359454b, type: 3}
      propertyPath: m_LocalRotation.y
      value: -0
      objectReference: {fileID: 0}
    - target: {fileID: 498342, guid: fe9bab289d42f0244859df1b1359454b, type: 3}
      propertyPath: m_LocalRotation.z
      value: -0
      objectReference: {fileID: 0}
    - target: {fileID: 498342, guid: fe9bab289d42f0244859df1b1359454b, type: 3}
      propertyPath: m_LocalEulerAnglesHint.x
      value: 0
      objectReference: {fileID: 0}
    - target: {fileID: 498342, guid: fe9bab289d42f0244859df1b1359454b, type: 3}
      propertyPath: m_LocalEulerAnglesHint.y
      value: 0
      objectReference: {fileID: 0}
    - target: {fileID: 498342, guid: fe9bab289d42f0244859df1b1359454b, type: 3}
      propertyPath: m_LocalEulerAnglesHint.z
      value: 0
      objectReference: {fileID: 0}
    m_RemovedComponents: []
  m_SourcePrefab: {fileID: 100100000, guid: fe9bab289d42f0244859df1b1359454b, type: 3}
--- !u!4 &8963040161670616823 stripped
Transform:
  m_CorrespondingSourceObject: {fileID: 498342, guid: fe9bab289d42f0244859df1b1359454b, type: 3}
  m_PrefabInstance: {fileID: 8963040161670122577}
  m_PrefabAsset: {fileID: 0}
